% book
% Required fields: author or editor, title, publisher, year. 
% Optional fields: volume or number, series, address, edition, month, note.
@book{byzantine,
  author = {Leslie Lamport, Robert Shostak, Marshall Pease},
  title = {Distributed Systems: concepts and Design},
  publisher = {ACM New York, NY, USA},
  year = {1982},
}

@article{fauna,
  author = {Chris Anderson},
  title = {How to Build A Distributed Ledger With FaunaDB},
  journal = {fauna.com},
  year = {2017}
}

@article{cointelegraph,
  author = {True Donate},
  title = {TrueDonate Creates Direct Competition for the PayPal Giving Found},
  journal = {cointelegraph.com},
  journal = {fauna.com},
  year = {2017},
  month = {October}
}

@misc{digiconomist,
  title = {{Digiconomist}},
  howpublished = {\url{digiconomist.net/bitcoin-energy-consumption}}
}

@misc{bitcoincore,
  title = {{SegWit Benefits}},
  howpublished = { \url{https://bitcoincore.org/en/2016/01/26/segwit-benefits/}}
}

@article{sovrin,
  author = {The Sovrin Foundation},
  title = {Sovrin: A Protocol and Token for Self-Sovereign Identity \& Decentralized Trust},
  journal = {White Paper},
  year = {2018},
  month = {January}
}



% article
% Required fields: author, title, journal, year. 
% Optional fields: volume, number, pages, month, note.
@article{bitcoin,
  author = {Satoshi Nakamoto},
  title = {Bitcoin: A Peer-to-Peer Electronic Cash System},
  journal = {bitcoin.org},
  year = {2008}
}

% conference
% same as inproceedings
% Required fields: author, title, booktitle, year. 
% Optional fields: editor, volume or number, series, pages, address, month, organization, publisher, note
@conference{dalal,
  author = {Dalal N., Triggs B.},
  title = {Histograms of Oriented Gradients for Human Detection},
  booktitle = {Computer Vision and Pattern Recognition (CVPR)},
  address = {San Diego, USA},
  year = {2005},
  month = {20-26 June},
  pages = {886-893}
}

% website
% as misc
% Required fields: none. 
% Optional fields: author, title, howpublished, month, year, note.
@misc{binancevision,
  title = {{Binance Academy}},
  howpublished = {\url{binance.vision/blockchain}}
}

@misc{haber,
  title = {{HowtoTime-StampaDigitalDocument}},
  howpublished = {\url{https://www.anf.es/pdf/Haber_Stornetta.pdf}}
}

@misc{merkletree,
  title = {{Merkle Tree}},
  howpublished = {\url{https://en.wikipedia.org/wiki/Merkle_tree}}
}



% article
% Required fields: author, title, journal, year. 
% Optional fields: volume, number, pages, month, note.
@article{ukgov,
  author = {UK Government Office for Science},
  title = {Distributed Ledger Technology: beyond block chain},
  journal = {gov.uk/go-science},
  year = {2016}
}

@article{key,
  author = {Randi Eitzman, Anna Dunin-Underwood},
  title = {Cryptocurrency and Blockchain Networks: Facing New Security Paradigms},
  journal = {fireeye.com},
  year = {2019}
}

@article{consensusmedium,
  author = {CoinBundle Team},
  title = {Consensus Algorithms},
  journal = {Medium},
  year = {2018},
  month = {September}
}

@article{newinternet,
  author = {Andrew Cretin},
  title = {It’s 2018 — Blockchain is on its way to Become the New Internet},
  journal = {Medium},
  year = {2018},
  month = {January}
}

@article{investopedia,
  author = {Luke Fortney},
  title = {Blockchain Explained},
  journal = {Investopedia},
  year = {2019},
  month = {June}
}

@misc{coindesk,
  title = {{Coindesk}},
  howpublished = {\url{coindesk.com/information}}
}

@misc{bitcoin.org,
  title = {{bitcoin}},
  howpublished = {\url{bitcoin.org/en}}
}

@misc{bitcoin.com,
  title = {{Bitcoin.com}},
  howpublished = {\url{bitcoin.com}}
}

@misc{bitcoincash,
  title = {{BitcoinCash}},
  howpublished = {\url{bitcoincash.org}}
}

@article{thecryptonomist,
  author = {Matteo Gatti},
  title = {Bitcoin Cash (BCH): a brief analysis of the Bitcoin fork},
  journal = {The Cryptonomist},
  year = {2019},
  month = {July}
}

@article{rewarding,
  author = {Emanuele Pagliari},
  title = {1 anno al prossimo halving di bitcoin (BTC)},
  journal = {The Cryptonomist},
  year = {2019},
  month = {May}
}


@article{scmp,
  author = {Zheping Huang},
  title = {Bitcoin cash “hard fork”: everything you need to know about the latest cryptocurrency civil war},
  journal = {Shouth China Morning Post},
  year = {2018},
  month = {November}
}

@article{bitcoinabc,
  author = {Bitcoin ABC},
  title = {Difficulty Adjustment Algorithm Update},
  journal = {bitcoinabc.org},
  year = {2017},
  month = {November}
}

@article{eda,
  author = {Jimmy Song},
  title = {Bitcoin Cash Difficulty Adjustments},
  journal = {medium.com},
  year = {2017},
  month = {August}
}

@article{rint,
  author = {The R Foundation},
  title = {What is R?},
  journal = {r-project.org},
  year = {2019}
}

@misc{api,
  title = {{API Description}},
  howpublished = {\url{https://en.wikipedia.org/wiki/Application_programming_interface}}
}

@misc{rstudio,
  title = {{RStudio}},
  howpublished = {\url{www.rstudio.com}}
}

@misc{blockchair,
  title = {{Blockchair API Documentation}},
  howpublished = {\url{https://github.com/Blockchair/Blockchair.Support/blob/master/API_DOCUMENTATION_EN.md#link_chainstats"}}
}


